<record xmlns="http://www.loc.gov/MARC21/slim" xmlns:xsi="http://www.w3.org/2001/XMLSchema-instance" xsi:schemaLocation="http://www.loc.gov/MARC21/slim http://www.loc.gov/standards/marcxml/schema/MARC21slim.xsd"><leader>     nam a22        4500</leader><controlfield tag="001">3071318</controlfield><controlfield tag="003">NNC</controlfield><controlfield tag="006">m        d        </controlfield><controlfield tag="007">cr cn |||m|||a</controlfield><controlfield tag="008">150316s1955    le      o     000 0 araod</controlfield><datafield ind1=" " ind2=" " tag="040"><subfield code="a">NNU</subfield><subfield code="b">eng</subfield><subfield code="c">NNU</subfield></datafield><datafield ind1="0" ind2="4" tag="050"><subfield code="a">PJ7698.H3</subfield><subfield code="b">T3</subfield></datafield><datafield ind1="1" ind2=" " tag="100"><subfield code="6">880-01</subfield><subfield code="a">T&#803;abba&#772;&#699;, &#699;Abd Alla&#772;h Ani&#772;s.</subfield></datafield><datafield ind1="1" ind2="0" tag="245"><subfield code="6">880-02</subfield><subfield code="a">Sha&#772;&#699;ir al-Nabi&#772; H&#803;assan ibn Tha&#772;bit al-Ans&#803;a&#772;ri&#772;</subfield><subfield code="h">[electronic resource] /</subfield><subfield code="c">dira&#772;sat wa-naqd wa-muntakhaba&#772;t &#699;Abd Alla&#772;h Ani&#772;s al-T&#803;abba&#772;&#699;.</subfield></datafield><datafield ind1=" " ind2=" " tag="260"><subfield code="6">880-03</subfield><subfield code="a">Bayru&#772;t :</subfield><subfield code="b">Maktabat al-Ma&#699;a&#772;rif,c[1955]</subfield></datafield><datafield ind1=" " ind2=" " tag="300"><subfield code="a">online resource (132 p.)</subfield></datafield><datafield ind1="1" ind2=" " tag="490"><subfield code="6">880-04</subfield><subfield code="a">Shu&#699;ara&#772;&#700; al-a&#699;la&#772;m</subfield></datafield><datafield ind1=" " ind2=" " tag="500"><subfield code="a">Part of the Arabic Collections Online (ACO) project, contributed by Columbia University Libraries.</subfield></datafield><datafield ind1=" " ind2=" " tag="533"><subfield code="a">Electronic reproduction.</subfield><subfield code="b">New York, N.Y. :</subfield><subfield code="c">New York University,</subfield><subfield code="d">2015.</subfield><subfield code="5">NNU</subfield></datafield><datafield ind1="0" ind2="0" tag="600"><subfield code="6">880-05</subfield><subfield code="a">H&#803;assa&#772;n ibn Tha&#772;bit,</subfield><subfield code="d">-674.</subfield></datafield><datafield ind1="0" ind2="7" tag="600"><subfield code="a">H&#803;assa&#772;n ibn Tha&#772;bit,</subfield><subfield code="d">-674.</subfield><subfield code="2">fast</subfield><subfield code="0">(OCoLC)fst01823180</subfield></datafield><datafield ind1="2" ind2=" " tag="710"><subfield code="a">Columbia University.</subfield><subfield code="b">Libraries.</subfield></datafield><datafield ind1="0" ind2=" " tag="730"><subfield code="a">Arabic Collections Online.</subfield></datafield><datafield ind1="0" ind2="8" tag="776"><subfield code="i">Print version:</subfield><subfield code="a">T&#803;abba&#772;&#699;, &#699;Abd Alla&#772;h Ani&#772;s.</subfield><subfield code="t">Sha&#772;&#699;ir al-Nabi&#772; H&#803;assan ibn Tha&#772;bit al-Ans&#803;a&#772;ri&#772;</subfield><subfield code="w">(NNC)3071318</subfield><subfield code="w">(DLC)   59054255 </subfield><subfield code="w">(OCoLC)504979917</subfield></datafield><datafield ind1=" " ind2="0" tag="830"><subfield code="6">880-06</subfield><subfield code="a">Shu&#699;ara&#772;&#700; al-a&#699;la&#772;m.</subfield></datafield><datafield ind1="4" ind2="0" tag="856"><subfield code="u">http://hdl.handle.net/2333.1/rjdfn5cv</subfield></datafield><datafield ind1="1" ind2=" " tag="880"><subfield code="6">100-01/r</subfield><subfield code="a">&#1591;&#1576;&#1575;&#1593;&#1548; &#1593;&#1576;&#1583; &#1575;&#1604;&#1604;&#1607; &#1571;&#1606;&#1610;&#1587;.</subfield></datafield><datafield ind1="1" ind2="0" tag="880"><subfield code="6">245-02/r</subfield><subfield code="a">&#1588;&#1575;&#1593;&#1585; &#1575;&#1604;&#1606;&#1576;&#1610; &#1581;&#1587;&#1575;&#1606; &#1576;&#1606; &#1579;&#1575;&#1576;&#1578; &#1575;&#1604;&#1571;&#1606;&#1589;&#1575;&#1585;&#1610; /</subfield><subfield code="c">&#1583;&#1585;&#1575;&#1587;&#1577; &#1608;&#1606;&#1602;&#1583; &#1608;&#1605;&#1606;&#1578;&#1582;&#1576;&#1575;&#1578; &#1593;&#1576;&#1583; &#1575;&#1604;&#1604;&#1607; &#1571;&#1606;&#1610;&#1587; &#1575;&#1604;&#1591;&#1576;&#1575;&#1593;.</subfield></datafield><datafield ind1=" " ind2=" " tag="880"><subfield code="6">260-03/r</subfield><subfield code="a">&#1576;&#1610;&#1585;&#1608;&#1578; :</subfield><subfield code="b">&#1605;&#1603;&#1578;&#1576;&#1577; &#1575;&#1604;&#1605;&#1593;&#1575;&#1585;&#1601;&#1548;</subfield><subfield code="c">[&#1633;&#1641;&#1637;&#1637;]</subfield></datafield><datafield ind1="1" ind2=" " tag="880"><subfield code="6">490-04/r</subfield><subfield code="a">&#1588;&#1593;&#1585;&#1575;&#1569; &#1575;&#1604;&#1571;&#1593;&#1604;&#1575;&#1605;</subfield></datafield><datafield ind1="0" ind2="4" tag="880"><subfield code="6">600-05/r</subfield><subfield code="a">&#1581;&#1587;&#1575;&#1606; &#1576;&#1606; &#1579;&#1575;&#1576;&#1578;.</subfield></datafield><datafield ind1=" " ind2="0" tag="880"><subfield code="6">830-06/r</subfield><subfield code="a">&#1588;&#1593;&#1585;&#1575;&#1569; &#1575;&#1604;&#1571;&#1593;&#1604;&#1575;&#1605;</subfield></datafield><datafield ind1=" " ind2=" " tag="959"><subfield code="a">NNU</subfield><subfield code="b">WEB</subfield><subfield code="c">GENI</subfield><subfield code="t">0</subfield><subfield code="m">Electronic access</subfield><subfield code="s">01</subfield></datafield><datafield ind1=" " ind2=" " tag="999"><subfield code="i">NNC_3071318</subfield><subfield code="o">(OCoLC)ocn504979917</subfield><subfield code="s">columbia_aco000207</subfield></datafield></record>